2208 2945
1021 160 152 23 FIGHT

1870 159 110 27 January

274 273 474 100 MELL

803 272 458 105 ON’S

930 421 39 30 By
988 420 133 25 HARVEY
1139 420 186 25 O’CONNOR

1425 272 549 104 WARS

797 471 92 20 Author:
910 472 106 19 “Mellow’s
1034 472 98 23 Millions,
1150 472 120 23 Biography
1289 471 22 23 of
1330 477 13 13 a
1355 470 111 20 Fortume.”

299 541 69 23 Every
378 540 51 23 drop
440 541 23 19 of
473 540 59 20 blood
543 540 49 20 shed
603 541 21 18 in
635 546 62 17 every
707 540 111 19 American

272 572 66 20 battle
348 573 56 19 since
412 573 35 19 the
457 573 54 19 Civil
521 573 51 19 War
582 573 39 19 has
631 573 52 18 been
693 572 70 19 coined
774 572 44 19 into

272 605 48 23 gold
332 605 28 23 by
371 605 37 19 the
419 605 76 19 Mellon
507 605 81 23 family.
601 605 21 19 It
633 605 19 18 is
664 610 26 13 no
703 609 114 18 exaggera-

273 638 44 18 tion
326 638 21 19 to
357 643 37 17 say
403 637 48 19 that
460 637 35 19 the
504 637 124 22 Pittsburgh
636 636 116 20 billionaire
761 636 56 19 fam-

273 670 29 23 ily
316 669 75 24 reaped
406 670 23 19 at
442 669 54 20 least
509 669 63 23 $1000
587 669 50 19 each
650 669 50 18 time
714 674 12 13 a
741 668 77 23 dough-

272 701 40 23 boy
325 701 38 19 fell
375 701 22 19 in
409 701 86 19 France.

299 746 20 18 It
335 745 18 19 is
367 746 37 18 not
419 745 78 23 merely
511 745 48 19 that
574 744 35 19 the
625 744 93 22 Mellons,
733 743 40 19 like
790 743 28 20 all

273 777 59 19 other
346 777 124 23 capitalists,
483 777 39 19 rub
535 777 55 18 their
603 776 67 19 hands
683 776 100 23 gleefully
796 775 22 19 in

274 809 131 23 expectation
425 809 23 19 of
468 809 74 22 profits
562 808 60 19 when
642 808 69 19 clouds
733 808 23 18 of
776 813 43 17 gun

274 841 68 19 smoke
356 841 41 19 and
411 847 39 17 gas
464 840 75 23 spread
553 846 48 13 over
613 840 35 19 the
659 840 102 18 trenches.
776 839 43 19 The

274 873 75 19 Mellon
366 873 113 19 industries
495 878 36 14 are
548 872 124 23 specifically
687 877 45 13 war
748 871 70 19 indus-

273 905 57 19 tries.
344 905 126 19 Chemicals?
482 904 133 23 Explosives?
627 904 63 18 Their
702 903 50 23 coal,
764 903 54 22 coke,

272 942 39 18 gas
327 937 41 19 and
383 936 115 23 petroleum
513 936 116 22 companies
646 941 36 13 are
698 935 70 23 poised
783 935 35 19 for

273 969 98 23 patriotic
383 968 177 23 profit-grabbing
572 968 36 19 the
619 968 90 18 moment
721 967 36 19 the
769 972 49 18 cap-

273 1000 67 20 italist
357 1001 145 22 governments
519 1000 47 22 give
585 1000 35 30 thg
639 999 56 19 word
714 999 34 20 for
767 1004 51 13 war.

273 1033 63 18 Their
348 1033 46 18 iron
406 1032 41 19 and
459 1032 51 19 steel
522 1031 117 23 companies
651 1031 65 19 await
726 1031 36 19 the
775 1030 43 24 sig-

273 1064 35 19 nal
319 1065 35 18 for
365 1070 70 13 armor
446 1064 57 23 plate
515 1064 78 23 orders,
604 1063 35 19 for
651 1069 42 17 gun
705 1063 113 22 carriages,

273 1097 34 18 for
318 1096 109 23 warships.
441 1096 62 19 Their
516 1096 113 19 aluminum
641 1101 100 17 company
753 1095 18 19 is
783 1095 35 18 the

273 1128 48 23 only
331 1134 38 13 one
379 1128 36 19 the
426 1129 134 22 government
571 1133 39 13 can
619 1129 51 17 turn
677 1128 23 18 to
708 1127 34 19 for
753 1127 65 23 light-

272 1160 78 24 weight
364 1160 118 23 equipment
497 1160 35 18 for
547 1159 92 23 soldiers,
653 1159 35 19 for
703 1158 115 20 structural

273 1192 107 19 materials
392 1192 35 19 for
440 1192 128 19 submarines
581 1191 41 19 and
634 1191 76 23 speedy
722 1191 96 19 cruisers.

298 1236 67 22 Judge
382 1235 87 19 Thomas
485 1235 82 23 Mellon,
583 1235 88 19 founder
687 1235 22 19 of
725 1234 35 19 the
775 1235 43 18 for-

273 1269 56 21 tune,
343 1273 44 14 was
402 1267 48 23 only
465 1273 12 14 a
492 1267 131 23 respectably
637 1272 123 18 prosperous
775 1266 44 19 real

274 1301 67 18 estate
356 1300 63 19 shark
432 1299 60 20 when
506 1300 35 18 the
556 1300 52 19 Civil
623 1300 49 18 War
686 1299 63 19 broke
762 1299 56 19 loose

273 1333 22 18 in
310 1333 56 18 1861,
381 1332 66 19 When
460 1332 36 19 the
511 1337 44 13 war
570 1332 64 19 ended
649 1331 40 19 and
703 1331 26 19 he
744 1328 81 22 cashed’

273 1364 22 19 in
310 1370 26 14 on
349 1364 33 19 his
397 1364 99 19 vouchers
510 1364 35 19 for
558 1369 59 17 army
633 1363 97 23 supplies,
743 1363 76 18 Mellon

273 1402 43 13 was
327 1402 27 13 on
366 1397 35 19 the
413 1396 50 19 road
476 1397 21 18 to
510 1396 95 19 millions.

300 1441 31 18 He
345 1446 43 13 was
401 1446 13 12 a
427 1441 47 18 true
488 1440 83 22 patriot.
585 1439 32 19 He
630 1439 91 19 believed
734 1439 21 18 in
769 1443 48 18 sup-

274 1472 71 23 plying
358 1472 32 19 his
402 1473 86 21 country
498 1472 50 19 with
560 1471 36 20 the
607 1470 75 20 sinews
694 1471 22 19 of
729 1472 92 21 war—at

275 1511 13 14 a
297 1505 52 22 good
359 1504 68 23 profit.
436 1504 31 19 As
476 1504 34 19 for
519 1504 36 19 the
564 1503 95 23 fighting,
669 1503 30 19 let
707 1503 37 19 the
753 1503 66 19 work-

275 1537 40 19 ers’
325 1537 40 19 and
374 1537 95 19 farmers’
479 1536 51 23 boys
541 1536 25 19 do
576 1536 53 19 that.
639 1535 40 20 His
690 1541 43 17 son,
743 1535 77 22 James,

274 1569 80 19 wanted
373 1571 23 17 to
414 1569 106 19 volunteer
539 1568 21 19 in
579 1568 115 19 Wisconsin
711 1569 24 18 to
753 1568 66 22 guard

275 1601 101 19 Southern
385 1601 110 22 prisoners.
507 1600 38 19 Old
556 1600 67 23 Judge
634 1600 76 19 Mellon
720 1600 45 19 flew
776 1600 43 19 into

274 1639 13 13 a
298 1639 57 16 rage.

301 1677 44 22 Let
358 1676 43 23 the
412 1676 105 23 Suckers
528 1675 151 27 Fight—We
688 1675 65 23 Cash
765 1675 28 22 In

300 1709 49 19 “We
362 1715 43 14 owe
419 1708 86 23 nothing
519 1709 21 18 in
552 1708 36 19 the
600 1714 47 16 way
660 1708 22 19 of
695 1708 85 22 making
792 1713 27 17 up

275 1741 131 19 Wisconsin’s
424 1741 81 22 quota,”
522 1741 25 18 he
564 1742 71 17 wrote.
650 1740 33 19 “It
699 1740 71 19 makes
786 1745 33 13 me

275 1773 37 19 sad
324 1774 22 18 to
360 1779 33 13 see
406 1773 43 19 this
461 1772 56 24 piece
530 1772 23 19 of
564 1772 59 23 folly.
633 1772 10 18 I
656 1772 40 19 had
708 1772 66 23 hoped
786 1777 35 17 my

275 1806 40 23 boy
330 1811 43 14 was
391 1805 63 23 going
469 1806 23 18 to
509 1805 60 19 make
585 1810 14 13 a
615 1805 72 22 smart,
704 1804 117 23 intelligent

275 1838 94 19 business
386 1843 48 13 man
452 1838 39 18 and
508 1843 43 13 was
568 1838 37 18 not
621 1837 51 19 such
688 1842 13 14 a
716 1842 62 17 goose
796 1842 23 13 as

626 2081 38 21 104
679 2080 51 22 Fifth
744 2081 95 25 Avenue,
855 2080 51 23 New
919 2079 59 27 York,
994 2080 26 22 N.
1033 2080 24 22 Y.

854 540 22 18 to
889 539 26 19 be
929 538 86 20 seduced
1028 539 55 19 from
1097 538 32 19 his
1143 539 51 22 duty
1208 539 27 23 by
1247 538 36 19 the
1297 538 102 19 declama-

853 570 56 20 tions
925 571 23 19 of
963 570 125 20 buncombed
1107 570 62 23 (war)
1188 570 103 23 speeches.

879 614 33 19 ““It
923 614 18 19 is
952 614 48 23 only
1009 614 126 23 greenhorns
1146 614 45 19 who
1203 614 80 22 enlist,”
1292 614 26 18 he
1329 613 70 19 added.

855 646 57 19 “You
928 651 38 14 can
983 646 58 19 learn
1057 646 87 22 nothing
1160 646 69 19 useful
1245 646 22 18 in
1283 646 35 18 the
1335 651 64 17 army.

855 678 54 19 Here
923 678 59 19 there
993 678 18 19 is
1025 684 25 13 no
1063 678 65 18 credit
1141 678 95 18 attached
1249 679 22 17 to
1284 678 68 22 going.
1365 677 35 19 All

855 715 46 14 now
917 711 48 21 stay
982 710 18 19 if
1016 710 51 23 they
1083 715 38 14 can
1138 709 40 19 and
1195 715 27 17 go
1237 710 18 18 if
1271 709 50 23 they
1338 711 61 17 must.

855 741 67 20 Those
935 741 45 20 who
994 747 36 14 are
1044 741 46 20 able
1104 742 22 18 to
1139 746 41 19 pay
1193 740 35 20 for
1242 741 123 19 substitutes
1377 741 25 19 do

855 779 29 17 50,
897 774 40 19 and
950 779 27 14 no
988 773 98 20 discredit
1098 773 101 20 attaches.

881 817 36 18 “In
931 817 51 19 time
996 822 41 18 you
1051 816 42 20 will
1107 823 57 13 come
1177 818 22 18 to
1213 817 127 19 understand
1354 817 47 19 that

855 854 12 13 a
883 854 48 13 man
946 854 49 18 may
1010 849 25 19 be
1049 855 13 13 a
1077 849 79 23 patriot
1170 849 88 19 without
1272 849 81 23 risking
1368 849 32 19 his

855 886 45 13 own
916 881 37 19 life
971 886 23 14 or
1010 881 116 23 sacrificing
1140 881 32 18 his
1189 881 77 19 health.
1282 881 65 19 There
1365 887 35 13 are

855 913 71 24 plenty
943 913 22 19 of
981 913 59 19 other
1055 913 51 19 lives
1123 913 41 19 less
1180 913 95 19 valuable
1291 919 23 13 or
1331 913 69 19 others

854 944 64 23 ready
930 946 22 17 to
967 950 58 13 serve
1039 945 35 18 for
1087 945 36 19 the
1137 945 45 19 love
1196 945 23 19 of
1233 945 102 23 serving.”

1012 993 110 23 Mellon’s
1138 992 105 24 Millions

880 1043 43 19 The
939 1042 209 23 Spanish-American
1163 1043 50 19 War
1229 1049 52 17 gave
1297 1044 36 19 the
1348 1044 52 19 Mel-

856 1074 51 20 lon’s
925 1074 55 20 their
997 1075 74 19 second
1089 1075 35 23 big
1143 1075 52 23 push
1210 1076 79 19 toward
1307 1075 95 20 millions.

855 1106 54 20 That
926 1113 44 13 war
986 1107 90 22 brought
1093 1107 116 23 prosperity
1228 1108 49 19 such
1295 1114 23 13 as
1335 1108 65 19 Pitts-

855 1138 85 23 burgh’s
951 1139 52 19 steel
1015 1141 89 17 masters
1115 1140 40 19 had
1166 1145 62 13 never
1239 1140 72 19 before
1322 1140 79 19 known.

856 1171 118 22 Carnegie’s
989 1171 73 22 profits
1076 1172 96 18 mounted
1186 1172 54 19 from
1253 1172 112 22 $7,000,000
1380 1173 21 18 in

856 1203 49 19 1897
917 1204 23 18 to
952 1203 126 22 $11,500,000
1089 1204 22 18 in
1123 1204 49 19 1898
1184 1204 39 19 and
1235 1204 50 19 then
1297 1205 72 18 soared
1379 1206 22 17 to

856 1234 124 23 $40,000,000
994 1235 22 19 in
1030 1236 54 18 1900.

881 1278 34 19 All
930 1278 37 19 the
981 1278 36 24 big
1032 1278 123 24 Pittsburgh
1170 1285 44 13 war
1229 1280 111 19 industries
1356 1286 46 13 now

856 1310 80 19 cleared
954 1311 90 22 through
1062 1311 68 19 Union
1146 1312 63 19 Trust
1227 1312 40 19 and
1285 1313 22 18 T.
1326 1313 75 18 Mellon

856 1342 17 19 &
889 1342 52 20 Sons
957 1343 71 19 banks.
1047 1343 31 19 On
1092 1343 56 19 their
1163 1344 74 19 boards
1255 1346 34 17 sat
1304 1345 35 19 the
1357 1345 44 18 iron

856 1374 40 19 and
911 1374 52 20 steel
976 1374 44 19 mill
1035 1380 86 18 owners,
1134 1375 36 20 the
1184 1375 90 20 railroad
1288 1378 115 21 magnates,

856 1406 35 20 the
903 1407 44 19 coal
960 1407 75 19 barons
1048 1408 23 18 of
1081 1407 36 20 the
1129 1408 48 19 Iron
1190 1408 52 23 City.
1256 1409 31 18 On
1299 1409 35 19 the
1346 1410 56 18 crest

857 1438 23 19 of
899 1444 107 14 enormous
1023 1445 44 13 war
1086 1440 72 22 profits
1178 1446 58 13 came
1254 1441 35 18 the
1308 1447 52 16 urge
1380 1443 22 17 to

856 1470 114 24 monopoly.
985 1471 24 19 In
1023 1472 48 18 1899
1087 1472 76 19 Mellon
1176 1472 73 23 helped
1261 1474 22 17 to
1296 1473 56 19 form
1366 1473 36 19 the

856 1502 44 19 coal
909 1503 125 23 monopolies
1044 1503 22 19 of
1074 1505 89 17 western
1172 1504 157 24 Pennsylvania,
1339 1505 64 19 Pitts-

856 1534 67 23 burgh
942 1535 49 19 Coal
1010 1536 40 19 and
1067 1535 151 24 Monongahela
1236 1537 62 19 River
1316 1538 49 18 Coal
1385 1538 17 18 &

857 1567 60 18 Coke.
930 1567 31 19 On
973 1567 49 19 both
1034 1567 35 20 the
1081 1568 76 19 Mellon
1168 1568 65 20 banks
1245 1570 48 18 took
1305 1570 96 22 underly-

856 1599 37 22 ing
903 1600 120 22 mortgages
1037 1600 40 19 and
1091 1606 100 16 generous
1206 1601 59 19 slices
1277 1601 23 18 of
1313 1601 63 19 stock.

881 1642 42 19 The
947 1643 60 18 trend
1032 1643 79 19 toward
1135 1644 109 23 monopoly
1266 1645 91 19 resulted
1381 1645 22 19 in

857 1674 104 23 Morgan’s
979 1675 25 18 U.
1022 1675 20 19 S.
1059 1675 56 19 Steel
1132 1676 59 22 Corp.
1221 1676 76 20 Mellon
1314 1677 40 19 and
1370 1677 32 19 his

856 1707 92 22 partner,
961 1707 25 18 H.
1001 1707 21 19 C.
1036 1707 110 19 Frick—of
1159 1708 125 19 Homestead
1297 1709 106 23 infamy—

857 1738 110 23 organized
976 1739 68 19 Union
1056 1739 55 19 Steel
1123 1740 41 19 and
1174 1740 47 19 held
1230 1746 27 22 up
1269 1741 35 19 the
1315 1741 88 23 Morgan

856 1771 62 19 outfit
928 1771 35 18 for
974 1777 12 13 a
998 1777 45 13 sum
1054 1772 110 19 estimated
1175 1773 23 18 at
1209 1772 131 23 $20,000,000.
1352 1774 51 18 Mel-

857 1802 34 19 lon
902 1798 40 24 had
954 1803 32 19 his
999 1803 67 23 finger
1077 1804 21 18 in
1111 1810 12 12 a
1136 1809 57 14 score
1206 1805 22 19 af
1239 1805 67 19 minor
1318 1811 84 18 monop-

857 1835 50 18 olies
921 1835 76 19 floated
1011 1841 25 13 on
1050 1841 44 13 war
1107 1836 80 23 profits.

347 2192 100 18 Chairman:
460 2193 17 18 J.
490 2193 16 18 B.
519 2193 123 19 MATTHEWS

346 2222 41 18 Vice
401 2221 100 19 Chairmen:
514 2222 98 19 WILLIAM
628 2223 91 18 PICKENS

512 2251 53 19 EARL
578 2252 109 18 BROWDER

347 2280 113 19 Secretaries:
474 2280 94 19 DONALD
584 2281 135 18 HENDERSON

478 2309 95 19 FRANCIS
587 2310 22 18 A.
624 2310 93 18 HENSON

347 2340 86 17 Assistant
446 2339 98 22 Secretary:
558 2339 38 18 IDA
611 2339 73 18 DAILES

346 2369 97 17 Treasurer:
456 2368 71 18 ANNIE
539 2368 17 18 E.
568 2368 63 18 GRAY

791 2403 66 20 -
862 2403 27 12 200

857 2194 65 18 Editor:
935 2193 83 18 JOSEPH
1032 2193 51 18 PASS

857 2222 81 19 Editorial
958 2222 115 19 Committee:
1094 2222 50 18 KYLE
1165 2221 22 19 C.
1207 2220 127 21 CRICHTON,

859 2252 114 19 MALCOLM
992 2251 102 20 COWLEY,
1111 2250 89 18 SAMUEL
1217 2250 119 20 FRIEDMAN,

859 2281 94 19 DONALD
979 2280 216 20 HENDERSON,
1219 2280 83 17 JOSEPH
1319 2280 17 17 P.

858 2311 62 20 LASH,
942 2310 100 19 MONROE
1063 2309 186 20 SWEETLAND,
1270 2308 66 19 DAVID

858 2340 177 19 ZABLODOWSKY.

857 2370 107 18 Circulation
978 2370 93 22 Manager:
1085 2369 77 18 GRACE
1177 2369 122 18 MATTHEWS

396 2479 90 19 Published
504 2480 76 23 monthly
598 2480 22 23 by
637 2480 30 19 the
684 2481 120 18 AMERICAN
823 2480 86 20 LEAGUE
927 2482 99 18 AGAINST
1042 2482 54 18 WAR
1113 2481 48 18 AND
1180 2480 101 20 FASCISM,

553 2533 62 23 Yearly
628 2533 120 23 subscription,
763 2535 21 17 50
797 2536 55 19 cents;
867 2534 55 23 single
936 2535 66 22 copies,
1017 2535 10 17 5
1041 2536 55 16 cents.

1461 538 63 19 After
1537 538 36 19 the
1586 538 88 22 Spanish
1685 544 49 16 war,
1748 539 88 19 Andrew
1849 539 76 19 Mellon
1938 545 42 14 was

1436 569 44 19 lord
1493 570 23 18 of
1529 569 122 23 Pittsburgh
1663 571 40 18 and
1717 576 12 13 a
1742 576 48 17 peer
1803 571 22 19 of
1839 571 53 19 Wall
1905 567 75 35 Street.

1437 602 19 18 It
1470 607 43 13 was
1526 601 35 19 the
1574 602 70 19 World
1657 603 50 18 War
1720 603 64 19 which
1798 603 47 19 shot
1855 603 42 19 him
1910 605 22 17 to
1945 598 35 25 the

1437 635 36 21 top
1483 634 22 18 of
1516 634 36 18 the
1562 634 84 22 biggest
1657 635 124 21 money-pile
1791 635 22 18 in
1822 635 36 18 the
1868 635 112 20 Americas.

1534 682 81 23 ‘World
1627 683 157 23 War—More
1794 684 90 23 Profits

1463 732 94 22 Koppers
1574 733 42 18 Gas
1632 733 40 18 and
1689 732 54 19 Coke
1758 739 43 13 was
1818 734 32 18 his
1865 735 56 18 main
1937 740 43 13 war

1437 764 101 23 industry.
1551 765 35 18 Dr.
1598 765 99 19 Heinrich
1708 765 100 23 Koppers,
1820 772 12 13 a
1845 766 89 19 German
1946 772 35 13 en-

1438 796 77 23 gineer,
1533 797 98 22 designed
1648 797 35 18 the
1701 795 115 21 celebrated
1834 798 92 23 Koppers
1944 799 37 22 by-

1438 828 86 22 product
1541 829 49 18 coke
1608 835 69 16 ovens,
1694 829 66 19 which
1778 830 89 19 distilled
1885 831 34 18 the
1937 831 44 19 coal

1438 866 61 16 gases
1517 860 100 23 formerly
1635 861 78 19 wasted
1731 862 21 18 in
1770 862 34 19 the
1822 862 93 19 bee-hive
1933 863 49 18 coke

1439 898 50 13 oven
1508 898 88 17 process.
1616 893 62 19 From
1695 893 58 19 these
1770 899 61 17 gases
1850 895 40 18 and
1907 894 74 23 liquids

1437 930 57 14 come
1511 925 28 18 all
1557 925 34 18 the
1609 925 109 19 essentials
1735 926 24 18 of
1775 926 72 22 poison
1864 932 61 17 gases
1942 927 39 19 and

1439 956 120 23 explosives.
1575 957 76 23 Mellon
1663 957 91 24 grabbed
1769 957 100 24 Koppers’
1885 964 99 18 company

1438 994 24 13 as
1478 994 49 13 soon
1542 994 24 14 as
1581 989 36 19 the
1632 989 70 19 World
1717 990 50 19 War
1781 990 62 19 broke
1857 992 35 18 out
1907 991 40 19 and
1961 991 22 19 in

1440 1021 48 18 19156
1509 1021 67 22 began
1597 1022 84 22 signing
1700 1022 35 18 fat
1753 1024 102 17 contracts
1877 1023 50 19 with
1947 1024 35 18 the

1438 1052 71 19 Allies.
1524 1053 65 18 When
1602 1053 36 19 the
1653 1053 77 20 United
1745 1054 70 19 States
1829 1055 68 22 joined
1910 1055 22 19 in
1946 1056 35 18 the

1438 1084 127 23 blood-bath,
1581 1085 75 19 Mellon
1672 1086 74 19 turned
1762 1086 21 19 in
1797 1087 35 18 Dr.
1849 1087 92 23 Koppers
1958 1093 23 13 as

1438 1122 26 13 an
1480 1116 67 19 “alien
1561 1117 90 23 enemy,”
1666 1118 39 18 had
1720 1118 32 19 his
1766 1118 62 19 share
1842 1119 22 18 in
1877 1119 35 19 the
1926 1125 55 13 com-

1438 1154 55 17 pany
1508 1149 39 18 and
1562 1149 31 19 his
1606 1150 83 22 patents
1704 1150 123 19 confiscated
1841 1150 27 23 by
1882 1151 36 19 the
1931 1157 50 17 gov-

1439 1182 99 21 ernment,
1550 1181 40 18 and
1602 1181 50 19 then
1663 1181 78 23 bought
1753 1182 56 19 them
1821 1182 21 19 in
1853 1183 35 18 for
1899 1189 13 13 a
1924 1189 57 17 song.

1464 1224 81 23 During
1555 1224 35 19 the
1600 1230 50 18 war,
1659 1225 56 19 units
1727 1225 22 19 of
1759 1226 93 22 Koppers
1862 1226 123 23 by-product

1439 1257 48 18 coke
1499 1262 62 14 ovens
1572 1257 89 19 couldn’t
1671 1257 25 19 be
1707 1257 52 19 built
1769 1258 45 19 fast
1825 1259 85 22 enough.
1921 1260 61 18 From

1439 1295 12 13 a
1463 1289 112 22 $1,500,000
1587 1289 47 19 firm
1645 1289 22 19 in
1677 1290 54 22 1915,
1743 1290 18 19 it
1772 1290 109 23 developed
1893 1291 43 19 into
1947 1291 36 19 the

1439 1320 138 23 $177,000,000-
1597 1321 59 22 giant
1674 1322 24 19 of
1716 1322 68 23 today,
1803 1322 82 19 flanked
1902 1323 28 23 by
1948 1323 34 19 the

1439 1352 137 23 $200,000,000
1589 1353 89 19 Eastern
1691 1354 40 19 Gas
1744 1354 40 19 and
1796 1355 50 18 Fuel
1859 1355 123 20 Associates.

1464 1396 81 23 During
1553 1397 36 18 the
1600 1402 50 17 war,
1661 1397 35 19 the
1708 1397 93 19 Mellons’
1814 1398 101 20 Standard
1929 1399 54 19 Steel

1440 1428 40 19 Car
1494 1429 34 18 Co.
1542 1429 74 19 turned
1629 1430 140 22 patriotically
1783 1431 21 18 to
1818 1436 42 17 gun
1874 1431 109 23 carriages.

1440 1460 44 19 “0il
1495 1460 18 19 is
1527 1466 23 13 as
1562 1466 111 18 necessary
1686 1467 22 13 as
1721 1462 59 18 blood
1792 1463 21 17 in
1825 1462 35 19 the
1873 1463 75 19 battles
1961 1464 23 18 of

1440 1492 129 23 tomorrow,”
1583 1493 54 18 cried
1651 1493 139 23 Clemenceau,
1803 1500 44 13 war
1859 1494 91 20 Premier
1963 1495 23 19 of

1440 1525 85 22 France,
1544 1525 40 19 and
1603 1525 35 19 the
1658 1526 86 19 Mellons
1763 1527 113 22 responded
1894 1527 89 23 through

1439 1557 55 18 their
1516 1557 50 19 Gulf
1586 1557 32 19 Oil
1641 1557 66 23 Corp.,
1728 1558 66 19 which
1816 1559 75 22 poured
1913 1561 37 17 out
1971 1565 13 13 a

1439 1588 145 23 golden-black
1597 1589 53 19 flood
1663 1591 21 17 to
1697 1590 51 23 keep
1761 1590 34 19 the
1808 1597 43 12 war
1862 1591 69 19 fueled
1944 1592 39 18 and

1441 1621 118 19 lubricated.
1580 1621 42 19 The
1642 1622 93 19 Mellons’
1753 1623 25 18 N.
1797 1623 25 18 Y.
1843 1623 142 23 Shipbuilding

1440 1653 33 19 Co.
1489 1653 42 19 laid
1544 1653 59 19 down
1617 1653 56 19 keels
1687 1654 66 19 which
1767 1654 54 19 later
1835 1655 48 18 bore
1898 1655 85 19 soldiers

1440 1685 40 18 and
1491 1685 112 18 munitions
1614 1691 69 13 across
1694 1686 35 18 the
1740 1686 59 22 pond.
1812 1687 42 18 The
1865 1687 118 19 Aluminum

1441 1717 33 18 Co.
1487 1717 22 19 of
1523 1717 95 19 America
1633 1718 93 23 supplied
1739 1719 34 19 the
1787 1721 135 20 government
1934 1720 49 18 with

1440 1749 63 18 metal
1518 1751 22 17 at
1554 1750 24 18 33
1594 1751 56 18 cents
1666 1755 12 13 a
1692 1750 73 22 pound.
1778 1751 63 18 After
1854 1751 35 19 the
1903 1757 49 17 war,
1966 1752 18 18 it

1440 1781 89 23 dropped
1542 1782 104 23 promptly
1659 1783 22 18 to
1694 1783 24 17 22
1732 1783 63 18 cents.

1635 1830 54 23 And
1705 1831 83 27 Today

1466 1879 94 23 Koppers
1579 1880 41 19 and
1639 1880 50 19 Gulf
1705 1880 32 19 Oil
1756 1881 134 19 laboratories
1910 1887 35 13 are
1964 1883 23 18 at

1440 1912 56 18 work
1508 1912 63 23 today
1583 1918 26 13 on
1622 1913 34 18 the
1669 1918 61 17 gases
1741 1913 40 18 and
1794 1914 107 19 chemicals
1915 1914 22 19 of
1949 1914 35 19 the

1440 1945 50 17 next
1501 1950 48 13 war.
1563 1945 119 18 Bethlehem
1698 1945 61 22 Steel,
1772 1945 22 18 in
1806 1945 66 20 which
1885 1946 35 19 the
1935 1946 49 19 Mel-

1441 1976 44 19 lons
1502 1982 36 13 are
1554 1976 35 19 the
1605 1976 84 23 biggest
1706 1977 145 23 stockholders,
1867 1977 18 19 is
1901 1978 85 23 turning

1441 2010 36 17 out
1487 2009 125 22 armorplate
1622 2010 35 17 for
1668 2009 34 18 the
1714 2009 44 19 fast
1769 2015 44 13 new
1824 2010 89 19 cruisers
1924 2010 61 23 being

1441 2040 52 19 built
1503 2046 22 13 as
1536 2042 48 21 part
1593 2041 23 19 of
1625 2041 125 19 Roosevelt’s
1760 2041 80 23 “public
1848 2042 81 19 works”
1938 2048 48 17 pro=

1441 2078 65 17 gram.
1521 2073 122 23 Pittsburgh
1658 2073 54 19 Steel
1727 2074 40 19 and
1781 2074 93 19 Crucible
1889 2074 61 23 Steel,
1963 2075 22 18 in

1441 2105 66 18 which
1522 2105 35 19 the
1575 2105 86 19 Mellons
1680 2111 35 13 are
1732 2105 120 24 important,
1869 2112 36 13 are
1922 2107 63 22 ready

1440 2138 22 17 to
1476 2137 37 18 “do
1527 2137 54 19 their
1595 2137 78 19 share.”
1688 2138 119 18 Aluminum
1821 2138 33 19 Co.
1868 2138 18 19 is
1900 2139 84 22 supply-

1441 2169 41 22 ing,
1495 2170 23 17 at
1530 2169 108 23 monopoly
1649 2170 73 22 prices,
1734 2170 35 19 the
1781 2170 131 23 lightweight
1921 2171 64 18 metal

1440 2201 66 18 which
1520 2201 71 19 makes
1605 2201 74 23 bigger
1692 2202 40 19 and
1746 2203 35 22 yet
1795 2202 77 22 lighter
1884 2203 100 22 warships

1441 2232 95 23 possible.
1555 2233 76 19 Mellon
1649 2233 64 20 banks
1730 2239 36 13 are
1783 2234 70 23 ready,
1871 2240 24 13 as
1912 2234 22 19 in
1951 2234 35 19 the

1441 2265 42 19 last
1491 2271 49 16 war,
1551 2266 22 17 to
1585 2266 71 22 peddle
1668 2266 92 23 “victory
1771 2266 70 19 loans”
1853 2267 40 18 and
1904 2268 21 17 to
1936 2267 48 18 take

1441 2297 54 18 their
1506 2297 61 19 share
1580 2298 23 18 of
1614 2297 36 19 the
1662 2304 44 12 war
1718 2298 79 22 profits.

1466 2340 76 19 Mellon
1554 2340 111 19 industries
1678 2341 60 19 stand
1751 2342 53 19 alert
1816 2341 33 19 for
1861 2342 30 18 the
1901 2338 84 23 ‘tocsins

1442 2372 22 19 of
1477 2373 36 18 the
1525 2374 50 17 next
1588 2373 124 22 imperialist
1722 2374 55 21 War,
1791 2373 84 24 eagerly
1889 2373 98 24 awaiting

1441 2405 35 18 the
1493 2405 96 18 fabulous
1606 2405 73 22 profits
1696 2405 64 19 which
1778 2411 56 13 mass
1850 2406 81 18 murder
1947 2406 38 19 has

1441 2436 78 22 always
1533 2437 91 18 tumbled
1639 2437 44 18 into
1695 2437 54 19 their
1764 2437 59 26 laps.

1669 2515 82 49 w
