2189 2952
208 618 409 55 AGAINST
662 622 183 53 WAR
888 623 170 55 AND
1094 624 409 69 FASCISM

215 762 173 151 A
529 755 810 160 CALL!

239 979 28 19 To
283 979 103 21 Workers,
400 980 103 20 Farmers,
518 978 79 19 Youths
612 979 21 18 of
650 978 34 22 (or
696 978 60 22 near)

214 1006 92 23 Military
326 1006 51 22 Age,
396 1006 84 19 Women
498 1006 39 18 and
556 1006 28 18 all
602 1006 119 22 Opponents
737 1006 22 18 of

214 1033 49 19 War
280 1033 60 22 (with
355 1039 12 13 a
382 1033 40 19 few
437 1033 148 19 side-remarks
607 1034 22 17 to
650 1033 109 18 Roosevelt

214 1061 40 18 and
268 1060 124 23 Congress):

241 1104 41 19 The
293 1104 25 19 U.
330 1104 20 19 S.
361 1105 138 18 Government
508 1104 55 19 talks
571 1110 61 17 peace
643 1104 40 19 and
693 1104 66 19 works

215 1132 34 18 for
263 1137 50 13 war.
331 1132 20 19 It
365 1132 38 18 has
418 1132 65 19 stolen
498 1132 139 22 $585,000,000
652 1132 23 18 of
689 1132 71 18 Public

215 1159 74 18 Works
304 1165 73 17 money
393 1159 34 19 for
443 1159 35 18 the
495 1159 65 22 Army
576 1159 41 18 and
634 1159 66 22 Navy.
723 1159 36 18 It’s

215 1192 37 13 our
265 1192 82 16 money;
363 1187 17 18 it
392 1192 43 13 was
448 1188 70 17 meant
531 1186 35 19 for
578 1186 47 24 life;
641 1186 17 18 it
671 1186 17 18 is
698 1186 61 22 being

216 1214 60 22 spent
288 1213 35 19 for
336 1213 68 23 death,
417 1213 62 19 death
492 1213 34 19 for
539 1219 24 13 us
576 1213 40 19 and
630 1219 54 16 ours,
698 1213 61 19 death

215 1241 34 18 for
269 1241 105 18 comrades
392 1241 64 18 under
476 1241 59 18 other
555 1241 58 22 flags,
633 1240 73 22 profits
725 1240 35 18 for

215 1267 140 19 swivel-chair
368 1268 96 22 patriots.

242 1312 46 19 You
307 1312 98 19 wouldn't
426 1314 33 21 try
481 1314 20 17 to
521 1312 35 19 kid
576 1318 30 16 wus,
628 1312 66 19 would
714 1318 46 17 you,

216 1340 97 22 Frankie,
329 1340 72 22 telling
416 1346 24 12 us
456 1340 45 18 that
516 1339 41 19 this
572 1345 72 17 money
658 1340 36 22 for
708 1345 52 13 war-

216 1367 57 22 ships
287 1367 41 19 and
341 1373 13 13 a
367 1367 131 18 mechanized
511 1373 59 16 army
582 1367 18 18 is
613 1366 35 22 for
661 1367 99 18 National

215 1394 117 23 Recovery?
354 1394 50 24 You,
417 1394 42 19 and
473 1394 34 18 the
521 1393 171 19 double-chinned
706 1394 53 18 mali-

217 1423 47 21 tary
281 1423 82 20 experts
379 1421 23 19 in
417 1421 109 22 Congress,
542 1421 41 19 and
599 1421 33 18 the
648 1421 50 18 steel
720 1421 41 18 and

217 1448 97 19 chemical
330 1448 141 22 millionaires,
488 1454 40 16 you
545 1448 58 18 kmow
621 1448 45 18 that
683 1454 44 12 war
742 1448 19 18 is

216 1475 68 23 likely,
295 1475 23 19 in
329 1476 34 18 the
374 1475 72 23 spring
458 1475 23 22 of
490 1475 55 22 1934,
556 1475 23 18 in
590 1475 49 18 1935
651 1481 23 12 or
686 1476 75 17 1936—

216 1504 23 17 at
253 1503 34 18 the
299 1508 51 17 very
363 1502 62 19 latest
436 1503 22 18 in
471 1502 62 19 19867
552 1502 81 18 Almost
645 1501 115 23 anywhere,

215 1530 132 22 anytime—a
367 1529 155 23 guns-and-gas
541 1535 50 17 waor,
612 1535 13 12 o
645 1529 51 23 good
717 1529 44 23 stiff

216 1557 47 18 shot
274 1557 23 22 of
307 1557 50 22 high
367 1562 97 17 pressure
475 1556 93 19 national
579 1556 151 23 salesmanship
741 1558 19 16 to

216 1584 62 22 finisk
288 1584 28 22 off
325 1584 34 19 the
368 1583 144 23 unsuccessful
522 1583 59 23 tariff
588 1589 60 16 wars,
659 1584 34 18 the
703 1583 58 19 trade

217 1617 54 13 wars
289 1611 34 19 the
340 1611 97 23 shipping
454 1617 61 16 wars,
533 1611 34 18 the
585 1611 176 18 cable-amd-radio

217 1644 60 17 wars,
289 1638 35 19 the
333 1644 73 17 money
414 1638 110 19 wars—all
535 1638 34 19 the
580 1638 62 22 polite
653 1643 55 13 wars
717 1637 45 19 that

218 1666 34 18 the
267 1665 77 20 United
356 1666 71 19 States
441 1665 41 19 and
496 1671 61 17 every
570 1665 59 19 other
641 1665 73 19 nation
727 1671 34 12 ex-

218 1695 45 20 cept
277 1693 70 19 Soviet
360 1693 77 18 Russia
450 1693 38 18 has
502 1692 50 19 been
563 1692 23 19 in
599 1698 48 13 ever
660 1692 55 19 since
729 1692 33 19 the

216 1719 49 22 fake
280 1719 104 19 armistice
399 1720 22 22 of
432 1720 116 18 November
561 1720 54 21 11th,
630 1720 56 18 1918.

244 1764 43 19 The
298 1764 26 19 U.
337 1764 20 19 S.
369 1764 138 19 Government
518 1764 38 19 has
565 1764 104 19 recruited
681 1765 81 21 313,000

218 1797 69 17 young
298 1797 47 13 men
356 1791 21 19 in
390 1791 50 19 CCC
453 1797 69 17 camps
535 1792 65 18 under
611 1792 35 18 the
656 1791 107 23 discipline

218 1819 23 18 of
254 1819 66 22 Army
333 1819 78 18 officers
424 1819 46 18 who
484 1825 36 12 are
533 1818 72 23 laying
619 1819 59 22 plans
692 1820 21 17 to
727 1824 36 13 use

218 1846 55 18 them
287 1851 23 13 as
324 1846 85 19 soldiers
421 1846 59 18 when
493 1846 50 19 time
555 1852 72 13 comes.

244 1890 43 19 The
297 1890 26 19 U.
335 1890 20 19 S.
367 1890 138 19 Government
513 1890 38 19 has
562 1891 38 22 put
610 1896 44 13 war
664 1890 99 19 factories

219 1923 25 13 on
264 1917 105 23 overtime,
389 1917 121 19 meanwhile
529 1917 114 19 thousands
664 1917 23 19 of
705 1918 59 18 other

219 1945 100 18 factories
331 1944 40 19 and
383 1944 121 23 productive
516 1945 56 18 units
584 1945 47 18 that
644 1945 58 18 could
714 1946 50 17 turn

219 1973 36 17 out
268 1971 125 19 necessaries
407 1972 23 18 of
442 1971 38 19 life
491 1972 80 18 remain
584 1972 65 18 closed
663 1978 29 17 or,
705 1972 58 18 when

219 2004 58 17 open,
292 2000 50 17 turn
356 2000 35 17 out
406 1999 65 18 fewer
487 1999 62 23 goods
564 2000 21 18 to
602 1999 37 19 sell
655 2000 22 17 at
691 1999 73 23 higher

218 2026 74 22 prices.

247 2071 45 18 You
308 2076 39 17 see,
364 2070 98 23 Frankie,
480 2071 33 18 the
531 2071 79 18 trouble
626 2071 18 18 is
662 2071 45 19 that
731 2072 33 18 the

220 2097 91 19 workers
326 2098 42 19 and
383 2098 97 22 farmers,
495 2098 39 19 like
552 2098 55 19 their
623 2099 105 18 comrades
743 2099 21 18 in

220 2125 60 19 other
294 2125 104 19 countries
413 2125 51 19 have
480 2125 49 22 paid
544 2126 34 18 the
594 2127 42 17 cost
652 2125 22 22 of
687 2126 28 18 all
731 2126 33 18 the

219 2152 63 22 polite
291 2158 55 13 wars
355 2152 55 19 since
420 2153 49 18 1918
479 2158 24 13 as
512 2151 48 23 they
569 2155 54 16 went
633 2152 66 23 along.
711 2152 55 23 They

221 2180 51 18 have
287 2179 49 22 paid
350 2180 17 18 it
382 2179 23 19 in
420 2180 55 22 cash,
489 2180 25 18 in
528 2180 76 22 health,
619 2180 23 18 in
656 2186 74 16 worry,
743 2181 22 17 in

221 2207 40 18 loss
275 2206 23 22 of
311 2207 54 18 their
378 2213 49 16 very
439 2206 56 19 lives.
516 2207 70 18 That’s
600 2207 46 23 why
659 2213 40 16 you
712 2207 54 18 can’t

221 2234 37 18 sell
277 2234 55 18 them
349 2240 56 12 more
423 2234 58 18 NRA
501 2234 62 22 goods
587 2236 22 17 at
632 2234 134 22 profiteering

221 2260 73 22 prices.
319 2261 41 18 The
377 2261 47 18 idea
442 2261 22 22 of
480 2261 87 23 robbing
583 2261 55 19 them
655 2261 23 22 of
695 2261 71 19 Public

224 2287 73 19 Works
317 2288 73 22 mioney
411 2287 78 19 doesn’t
510 2288 65 19 strike
597 2288 56 19 them
673 2293 23 13 as
716 2294 50 16 wvery

222 2315 75 22 bright.
313 2315 86 19 Several
409 2314 89 20 millions
509 2316 23 22 of
543 2316 137 22 them—sixty
688 2316 79 18 million

221 2348 36 12 are
273 2342 81 22 getting
370 2342 40 19 less
426 2343 51 18 than
491 2343 81 22 enough
587 2345 20 16 to
623 2343 39 18 live
678 2349 88 12 on—are

222 2371 70 20 pretty
309 2369 46 19 well
371 2369 49 19 wise
438 2372 20 16 to
476 2370 34 18 the
524 2369 45 22 fact
586 2370 46 18 that
650 2370 47 22 they
715 2370 52 19 have

224 2396 49 18 been
285 2396 115 19 two-timed
411 2397 25 22 by
448 2397 34 18 the
493 2397 112 18 industrial
618 2397 74 22 bosses,
705 2397 62 19 bank-

223 2429 39 16 ers,
281 2423 138 23 flag-kissing
435 2424 118 22 politicians
578 2424 42 18 and
645 2424 54 19 their
723 2430 45 12 own

223 2450 87 19 childish
325 2450 56 22 faith
396 2451 22 18 in
433 2451 57 18 what
506 2451 56 19 these
577 2451 71 23 people
664 2451 46 19 said
724 2457 43 13 was

223 2477 52 22 good
288 2477 36 22 for
338 2478 61 18 them.

248 2527 43 18 The
301 2527 25 19 U.
339 2528 19 18 S.
370 2527 137 19 Government
517 2534 48 16 goes
576 2534 25 12 on
613 2528 100 23 spending
723 2528 44 18 mil-

223 2554 52 19 lions
289 2554 33 19 for
334 2555 35 18 the
384 2554 88 19 Reserve
488 2555 83 19 Officers
585 2555 103 22 Training
703 2556 64 21 Corps

223 2581 21 18 in
259 2581 36 19 the
311 2581 78 19 schools
405 2582 40 19 and
461 2582 93 23 colleges,
569 2582 36 19 for
619 2582 37 19 the
671 2582 96 19 Citizens’

223 2608 93 23 Military
324 2608 102 24 Training
436 2609 64 23 Corps
510 2609 40 19 and
560 2609 35 19 for
602 2609 95 22 military
705 2615 62 17 prop-

797 978 88 22 aganda.
904 978 118 23 Meantime,
1040 978 27 18 all
1085 984 48 12 over
1151 978 95 18 America
1264 978 78 19 schools

798 1011 36 12 are
843 1005 62 23 being
915 1005 66 18 closed
992 1005 33 18 for
1037 1005 45 18 lack
1093 1005 22 19 of
1126 1005 69 22 funds,
1206 1005 92 19 children
1307 1011 35 13 are

798 1031 105 23 sickening
921 1032 40 18 and
979 1032 63 22 dying
1061 1032 22 18 of
1100 1032 43 18 cold
1161 1032 40 18 and
1219 1032 122 18 “malnutri-

799 1059 139 22 tion’—polite
953 1065 59 13 name
1028 1059 34 18 for
1077 1059 147 22 hunger—and
1240 1059 103 18 hundreds

798 1086 22 18 of
829 1086 114 19 thousands
952 1086 23 19 of
984 1087 93 18 teachers
1085 1092 36 12 are
1130 1086 83 22 unpaid.
1230 1086 114 18 Education

799 1113 34 18 for
848 1113 62 19 death
924 1115 56 17 must
995 1119 25 17 go
1034 1119 31 16 on,
1081 1119 38 17 say
1134 1114 34 18 the
1184 1114 77 18 master
1277 1113 66 18 minds

792 1141 28 20 .in
835 1140 146 23 Washington;
999 1147 62 12 never
1074 1140 56 19 mind
1144 1140 57 19 what
1215 1140 93 23 happens
1322 1141 22 17 to

799 1167 108 19 education
918 1168 34 18 for
962 1168 42 18 life.

819 1271 42 19 The
871 1272 112 18 American

818 1301 61 22 Navy
892 1303 56 16 must
963 1301 22 18 be

812 1330 74 19 second
899 1332 20 17 to
933 1336 58 17 mone,

799 1360 33 17 “to
841 1361 85 21 support
942 1356 62 31 Amer-

821 1389 47 18 ican
878 1389 104 21 interests,

801 1418 109 22 especially
924 1418 33 19 the
971 1418 33 19 de-

827 1447 115 22 velopment
954 1447 22 22 of

799 1477 112 18 American
922 1477 84 22 foreign

820 1512 109 12 commerce
944 1506 41 18 and

824 1535 34 19 the
871 1535 107 19 merchant

839 1564 126 19 marine.”’—

805 1594 111 22 Secretary
929 1594 23 22 of
965 1594 33 18 the

867 1623 68 23 Navy,

806 1652 76 19 Claude
893 1653 106 18 Swanson.

830 1769 44 19 You
888 1771 56 17 must
958 1770 65 22 know,
1035 1770 97 22 Frankie,
1148 1771 45 18 that
1209 1770 34 19 the
1257 1770 90 19 workers

804 1796 42 18 and
865 1796 92 22 farmers
977 1802 37 12 are
1035 1796 56 22 from
1111 1797 100 22 Missouri
1229 1797 63 19 about
1313 1798 34 18 the

804 1823 64 22 NRA,
883 1824 34 18 the
930 1824 66 22 AAA,
1009 1824 42 19 and
1064 1824 34 19 the
1112 1826 43 17 rest
1168 1824 23 23 of
1204 1825 34 18 the
1252 1824 96 23 alphabet

803 1851 68 18 —and
884 1851 46 18 that
943 1857 13 13 a
967 1851 42 22 few
1021 1851 79 19 million
1112 1858 36 12 are
1161 1857 48 13 sure
1222 1852 34 18 it’s
1269 1858 14 12 a
1296 1851 53 19 trick

805 1878 26 22 by
847 1878 34 18 the
895 1878 65 19 Polite
976 1878 52 19 Rich
1044 1880 20 17 to
1080 1879 113 19 surrender
1205 1885 55 12 some
1276 1879 23 22 of
1315 1879 33 18 the

805 1905 53 18 little
873 1905 69 23 things
956 1911 22 13 so
993 1906 45 18 that
1053 1906 34 18 the
1101 1905 91 19 workers
1205 1906 41 18 and
1259 1906 90 22 farmers

805 1932 61 18 won’t
878 1938 25 16 go
916 1932 57 22 after
986 1933 33 18 the
1033 1933 33 22 big
1080 1933 76 22 things,
1168 1933 51 18 such
1230 1939 29 16 as,
1271 1933 36 22 for
1317 1933 32 19 in-

804 1961 77 20 stance,
900 1960 97 18 workers’
1017 1960 116 22 owmership
1152 1960 23 23 of
1193 1960 96 22 industry
1309 1960 41 18 and

803 1989 140 19 government.
956 1986 54 19 Take
1023 1993 13 12 a
1048 1987 29 22 tip
1089 1987 42 18 and
1141 1993 49 16 pass
1202 1987 16 18 it
1231 1993 25 12 on
1265 1989 20 16 to
1297 1993 52 16 your

805 2019 92 16 yes-men
908 2014 23 18 in
943 2014 108 22 Congress,
1064 2014 56 19 dow't
1132 2016 34 21 try
1179 2016 20 17 to
1210 2014 47 23 give
1270 2014 55 19 them
1337 2020 13 12 a

806 2041 55 18 War.
879 2041 71 18 That’s
962 2043 32 17 too
1006 2041 34 23 big
1051 2047 12 13 a
1075 2041 59 23 thing
1142 2041 35 23 for
1187 2047 41 17 you
1238 2043 21 17 to
1270 2041 79 19 handle.

805 2068 20 18 It
844 2068 97 19 wouldn’t
960 2069 22 18 be
1002 2069 84 22 healthy
1105 2074 50 13 even
1173 2068 19 23 if
1216 2069 33 18 the
1274 2068 76 19 United

804 2095 71 18 States
888 2096 76 17 “won’.

832 2163 72 22 People
917 2163 22 18 of
952 2163 101 22 America,
1066 2169 52 17 your
1129 2165 135 21 government
1276 2164 17 18 is
1306 2164 43 18 act-

806 2190 35 22 ing
855 2190 39 18 like
909 2196 13 12 a
937 2196 61 17 crazy
1012 2196 53 17 man,
1080 2196 23 13 as
1118 2196 60 17 crazy
1192 2196 23 13 as
1230 2190 65 19 Insull
1310 2190 40 19 and

805 2217 94 22 Kreuger
915 2223 23 12 or
954 2223 13 12 a
982 2218 103 18 thousand
1100 2217 59 19 other
1175 2217 116 22 capitalists
1304 2217 45 19 who

806 2244 51 18 have
873 2244 62 18 taken
952 2250 11 12 a
979 2245 94 18 nosedive
1089 2246 21 17 to
1127 2244 132 19 destruction.
1276 2244 75 19 Unless

805 2271 35 18 the
859 2271 94 18 criminal
972 2271 93 23 insanity
1083 2272 18 18 is
1120 2271 69 19 halted
1214 2272 34 18 the
1274 2271 76 19 United

806 2299 69 18 States
888 2299 41 17 will
942 2299 24 18 be
977 2299 80 18 thrown
1071 2299 42 18 into
1127 2299 123 22 imperialist
1263 2304 49 13 war.

832 2331 96 19 America
941 2331 42 19 will
995 2331 23 19 be
1032 2331 141 19 transformed
1187 2332 43 18 into
1244 2338 12 12 a
1271 2331 80 19 shriek-

806 2358 42 22 ing,
861 2358 121 19 murderous
993 2359 117 21 madhouse,
1123 2359 63 18 wired
1200 2359 34 17 for
1247 2359 64 18 sound
1324 2358 27 23 by

807 2385 34 18 the
860 2386 257 22 government-controlled
1136 2386 64 22 radio,
1220 2386 86 21 sending
1324 2386 27 18 its

807 2412 44 19 best
865 2412 40 19 and
921 2414 105 21 strongest
1040 2419 69 16 young
1124 2419 45 12 men
1185 2414 20 17 to
1221 2413 35 18 kill
1272 2413 40 18 and
1327 2413 24 18 be

807 2439 67 19 killed.
893 2440 40 18 For
945 2440 68 18 what?
1031 2440 41 18 For
1084 2441 67 21 profit.
1169 2440 28 18 To
1209 2446 48 12 save
1269 2446 11 12 a
1289 2440 62 22 profit

808 2468 75 21 system
898 2466 48 19 that
962 2469 74 16 cannot
1050 2467 26 18 be
1090 2467 68 19 saved.

832 2500 51 21 You,
891 2500 35 18 the
936 2500 96 21 workers,
1042 2500 96 21 farmers,
1149 2505 78 13 women
1234 2500 40 19 and
1284 2506 68 16 young

808 2532 52 16 men,
873 2527 26 18 all
912 2533 40 16 you
964 2527 45 19 who
1021 2527 66 19 would
1099 2528 52 18 have
1162 2529 22 17 to
1196 2533 39 16 pay
1248 2527 40 22 for,
1299 2527 53 22 fight

807 2554 21 18 in
844 2554 39 19 and
899 2554 65 19 suffer
979 2554 33 19 for
1028 2554 86 19 another
1130 2560 42 12 war
1188 2559 69 17 spasm
1273 2554 22 18 of
1310 2555 42 18 this

806 2581 63 22 dying
880 2582 84 21 system,
976 2587 38 16 you
1025 2587 38 12 can
1073 2581 44 18 halt
1127 2581 41 18 this
1179 2582 69 18 march
1259 2583 22 17 to
1290 2581 61 19 death

808 2608 17 18 if
839 2614 38 17 you
889 2610 33 17 act
935 2614 51 13 now.

1409 755 47 19 Join
1474 756 51 18 with
1544 756 34 18 the
1598 756 109 19 American
1732 757 82 22 League
1838 758 90 22 Against

1387 782 50 19 War
1456 783 40 18 and
1515 783 93 18 Fascism
1627 784 22 18 in
1667 784 27 18 its
1713 784 116 19 immediate
1848 785 82 18 nation-

1386 809 51 19 wide
1450 811 86 21 protest.

1413 853 102 23 Organize
1526 854 40 19 and
1577 854 48 19 take
1636 856 49 22 part
1696 856 21 18 in
1726 855 172 20 demonstrations
1910 857 21 18 in

1386 886 52 17 your
1455 881 157 23 neighborhood,
1628 888 52 16 your
1696 884 61 21 town,
1774 889 51 16 your
1842 884 50 22 shop
1908 890 23 12 or

1387 908 88 22 factory,
1492 908 21 19 in
1530 908 78 19 schools
1624 909 40 19 and
1681 909 104 19 churches.

1412 951 66 20 Crack
1488 953 58 18 down
1557 959 26 13 on
1594 959 54 17 your
1656 954 151 22 Congressman
1816 955 49 19 with
1876 956 55 18 writ-

1388 985 34 18 ten
1434 985 40 19 and
1486 986 78 21 spoken
1575 986 104 22 demands,
1691 987 50 19 with
1752 987 128 23 delegations
1893 989 39 18 and

1389 1023 55 13 mass
1461 1023 105 17 pressure;
1584 1019 86 19 demand
1687 1020 46 18 that
1750 1020 26 19 he
1792 1023 46 16 vote
1856 1021 33 19 for
1906 1028 26 12 an

1387 1050 117 19 immediate
1515 1051 44 19 halt
1570 1053 21 17 to
1599 1052 35 18 the
1645 1052 89 23 stealing
1745 1053 22 18 of
1778 1054 70 18 Public
1859 1055 73 18 Works

1388 1088 72 16 money
1472 1083 33 18 for
1518 1089 43 13 war
1572 1086 109 17 contracts.

1416 1125 65 24 Bring|
1500 1126 64 19 about
1583 1127 105 23 lightning
1710 1129 82 22 strikes,
1813 1131 118 22 temporary

1389 1160 111 22 stoppages
1514 1160 22 19 of
1551 1161 56 18 work
1621 1167 25 13 on
1660 1162 72 22 farms,
1746 1163 106 22 railroads,
1866 1164 68 22 docks,

1394 2077 134 22 warehouses,
1545 2077 104 23 factories,
1665 2078 39 19 and
1720 2078 133 23 particularly
1868 2084 27 13 on
1911 2078 27 19 all

1394 2116 42 12 war
1448 2110 52 22 jobs,
1513 2116 26 13 on
1552 2111 92 23 January
1658 2111 54 22 29th,
1725 2111 75 22 during
1811 2111 35 19 the
1859 2112 80 22 protest

1394 2143 20 18 in
1430 2143 142 23 Washington.

1421 2187 87 23 Finally,
1524 2188 48 18 send
1586 2188 104 22 delegates
1703 2190 21 17 to
1739 2188 136 23 Washington
1889 2189 49 18 Jan-

1395 2226 52 16 uary
1459 2220 55 22 29th,
1525 2222 21 17 to
1556 2221 36 18 tell
1604 2221 107 19 Roosevelt
1723 2222 40 18 and
1774 2221 101 23 Congress
1887 2228 52 16 your

1395 2253 106 19 demands:

1421 2303 70 19 Public
1504 2304 77 22 works;
1596 2305 36 18 not
1644 2310 44 13 war
1701 2305 73 18 works.

1421 2348 53 18 Cash
1485 2348 61 19 relief
1555 2348 40 19 and
1605 2349 166 22 unemployment
1780 2349 115 22 insurance,
1905 2351 36 17 not

1395 2381 41 18 bull
1453 2387 50 16 pens
1518 2381 40 18 and
1570 2381 61 19 chain
1645 2387 73 17 gangs.
1737 2382 84 22 (Cancel
1834 2388 43 12 war
1892 2388 47 13 con-

1396 2415 66 17 tracts
1474 2414 40 18 and
1527 2420 36 12 use
1576 2414 35 18 the
1623 2420 72 17 money
1707 2414 34 19 for
1754 2415 42 18 this
1808 2415 77 22 relief.)

1422 2458 55 23 Keep
1491 2458 77 19 schools
1581 2464 57 17 open,
1652 2459 46 18 feed
1711 2459 41 18 and
1764 2459 66 18 clothe
1842 2459 98 22 children,

1396 2497 41 16 pay
1447 2491 103 21 teachers;
1562 2491 56 19 build
1629 2497 54 13 more
1694 2492 85 22 schools,
1787 2494 36 16 not
1832 2492 108 22 warships.

1423 2541 108 22 Organize,
1552 2543 86 20 protest,
1658 2542 71 21 strike,
1758 2542 83 19 FIGHT
1868 2542 33 18 for
1929 2548 12 12 a

1397 2574 97 19 workers’
1505 2573 40 20 and
1557 2574 96 19 farmers’
1664 2580 62 17 peace
1737 2575 21 18 in
1769 2581 12 13 a
1794 2575 96 19 workers’
1903 2576 39 18 and

1398 2607 96 20 farmers’
1507 2607 69 20 world,
